@article{lee1984geometric,
  title={Geometric approach in solving inverse kinematics of PUMA robots},
  author={Lee, CSG and Ziegler, M},
  journal={IEEE Transactions on Aerospace and Electronic Systems},
  number={6},
  pages={695--706},
  year={1984},
  publisher={IEEE}
}

@article{xu2014analytical,
  title={{Analytical and semi-analytical inverse kinematics of SSRMS-type manipulators with single joint locked failure}},
  author={Xu, Wenfu and She, Yu and Xu, Yangsheng},
  journal={Acta Astronautica},
  volume={105},
  number={1},
  pages={201--217},
  year={2014},
  publisher={Elsevier}
}

@misc{astro_emails,
  author={Robinson, Stephen and Virts, Terry},
  howpublished={``private communication''},
  year={2018}
}

@misc{ssrms_cc,
  title={{``Orbital ATK's Cygnus cargo spacecraft is captured using the Candarm2 robotic arm"}},
  author={{NASA}},
  note={10/23/2016, CC BY-NC-ND 2.0}
}

@book{uicker2013matrix,
  title={Matrix methods in the design analysis of mechanisms and multibody systems},
  author={Uicker, John J and Ravani, Bahram and Sheth, Pradip N},
  year={2013},
  publisher={Cambridge University Press}
}

@misc{mae225_notes,
  author = {John Karasinski},
  title  = {{Lecture notes in Spatial Kinematics from Professor Bahram Ravani}},
  year   = {2018},
}
